
@book{knuth1984,
  author    = {Donald E. Knuth},
  title     = {The \TeX book},
  year      = {1984},
  publisher = {Addison-Wesley},
  address   = {Reading, Massachusetts}
}

@article{einstein1905,
  author  = {Albert Einstein},
  title   = {Zur Elektrodynamik bewegter K{\'o}rper},
  journal = {Annalen der Physik},
  volume  = {17},
  number  = {},
  pages   = {891--921},
  year    = {1905}
}

@online{latexproject,
  author       = {LaTeX Project},
  title        = {LaTeX Official Website},
  year         = {2025},
  url          = {https://www.latex-project.org/},
  urldate      = {2025-01-17},   % Fecha en la que consultaste
  note         = {Ultimo acceso el 17 de enero 2025}
}
