@article{Emanuel2005,
  author  = {Kerry Emanuel},
  title   = {Increasing destructiveness of tropical cyclones over the past 30 years},
  journal = {Nature},
  volume  = {436},
  pages   = {686--688},
  year    = {2005},
  doi     = {10.1038/nature03906}
}

@article{Camargo2007,
  author  = {Suzana J. Camargo and Andrew W. Robertson},
  title   = {The influence of the Maddenâ€“Julian Oscillation on the genesis of tropical cyclones},
  journal = {Journal of Climate},
  volume  = {20},
  number  = {2},
  pages   = {305--320},
  year    = {2007},
  doi     = {10.1175/JCLI3984.1}
}

@article{Knutson2010,
  author  = {Thomas R. Knutson and John L. McBride and Johnny Chan and Kerry Emanuel and Greg Holland and Chris Landsea and Isaac Held and James P. Kossin and A. K. Srivastava and Masato Sugi},
  title   = {Tropical cyclones and climate change},
  journal = {Nature Geoscience},
  volume  = {3},
  pages   = {157--163},
  year    = {2010},
  doi     = {10.1038/ngeo779}
}

